 %**********************************************************************************************************************
@article{joaquim2003polygon,
  title={Polygon detection from a set of lines},
  author={Joaquim, Alfredo Ferreira Manuel J Fonseca and Jorge, A},
  year={2003}
}

@article{coupland,
author = {Coupland, Simon and John, Robert},
year = {2007},
month = {03},
pages = {3 - 15},
title = {Geometric Type-1 and Type-2 Fuzzy Logic Systems},
volume = {15},
journal = {Fuzzy Systems, IEEE Transactions on},
doi = {10.1109/TFUZZ.2006.889764}
}

@misc{zachrana,
  title = {Záchrana pohřešovaných osob - pátrací akce v terénu},
  howpublished = {\url{https://www.hzscr.cz/soubor/stc-zpat07-final-pdf.aspx}},
  note = {cit. 2020-05-01}
}

@book{chaloupkova2017vyuziti,
  title={Využití vyspělých technologií a čichových schopností psů pro zvýšení efektivity vyhledávání pohřešovaných osob v terénu (PÁTRAČ)},
  author={CHALOUPKOVÁ, Helena, Ivona SVOBODOVÁ a Vladimír MAKEŠ},
  year={2017},
  address={Praha},
  publisher={Ministerstvo vnitra České republiky}
}

@article{milkova2010algoritmy,
  title={Algoritmy--z{\'a}kladn{\'\i} konstrukce v p{\v{r}}{\'\i}kladech a jejich vizualizace},
  author={Milkov{\'a}, E and Haviger, J and Rub{\'a}{\v{c}}ek, F and Voborn{\'\i}k, P},
  journal={Hradec Kr{\'a}lov{\'e}, Gaudeamus},
  year={2010}
}

@book{wirth1989algoritmy,
  title={Algoritmy a {\v{s}}trukt{\'u}ry {\'u}dajov},
  author={Wirth, Niklaus},
  year={1989},
  address={Praha},
  publisher={Alfa}
}

@book{walford2002geographical,
  title={Geographical data: characteristics and sources},
  author={Walford, Nigel},
  year={2002},
  address={New York},
  publisher={John Wiley \& Sons}
}

@misc{OSGeo,
  title = {Open Source Geospatial Foundation},
  howpublished = {\url{https://www.osgeo.org/}},
  note = {cit. 2020-05-01}
}

@misc{GeoTools,
  title = {GeoTools},
  howpublished = {\url{https://www.geotools.org}},
  note = {cit. 2020-05-01}
}

@misc{Java,
  title = {Oracle Java Documentation},
  howpublished = {\url{https://docs.oracle.com/}},
  note = {cit. 2020-05-01}
}

@misc{arcgis,
  title = {ArcGIS Documentation},
  howpublished = {\url{https://desktop.arcgis.com/en/documentation/}},
  note = {cit. 2020-05-01}
}

@misc{esri,
  title = {Esri},
  howpublished = {\url{https://www.esri.com/}},
  note = {cit. 2020-05-01}
}


@article{hartmanis1965on,
 ISSN = {00029947},
 URL = {http://www.jstor.org/stable/1994208},
 author = {J. Hartmanis and R. E. Stearns},
 journal = {Transactions of the American Mathematical Society},
 pages = {285--306},
 publisher = {American Mathematical Society},
 title = {On the Computational Complexity of Algorithms},
 volume = {117},
 year = {1965}
}


@PhdThesis{vesely2007thesis,
AUTHOR = {Vesel{\'y}, Martin},
TITLE = {TopoXML - výměnný formát topologie vektorových dat},
YEAR = {2007},
TYPE = {Disertační práce},
SCHOOL = {Masarykova univerzita, Přírodovědecká fakulta, Brno},
SUPERVISOR = {Milan Konečný},
URL = {https://is.muni.cz/th/e65f2/}
}

@Manual{cr2010zachrana,
title = {Záchrana pohřešovaných osob - pátrací akce v terénu.},
author = {{Katalog typových činností integrovaného záchranného systému}},
organization = {Česká republika},
year = {2010},
url = {https://www.hzscr.cz/soubor/stc-zpat07-final-pdf.aspx},
}


@misc{Zeman2009thesis,

	AUTHOR = "ZEMAN, Jiří",

	TITLE = "Návrh informačního portálu a informačního systému pro SAR (Search and Rescue) složky integrovaného záchranného systému",

	YEAR = "2009",

	TYPE = "Bakalářská práce", 

	SCHOOL = "Masarykova univerzita, Filozofická fakulta, Brno",

	SUPERVISOR = "ppor. Mgr. Petr Vodička"
}

@book{van1997algorithmic,
  title={Algorithmic foundations of geographic information systems},
  author={van Kreveld, Marc and Nievergelt, J{\"u}rg and Roos, Thomas and Widmayer, Peter},
  volume={1340},
  year={1997},
  publisher={Springer},
  address={}
}

@book{tucek1997geograficke,
  title={Geografické informační systémy : principy a praxe},
  author={Tu{\v{c}}ek, J{\'a}n},
  year={Vyd. 1. Praha, xiv., 364, 1998.},
  publisher={Computer Press},
  address={},
  ISBN={807226091X}
}

@book{kolar2003geograficke,
  title={Geografické informační systémy 10},
  author={Kol{\'a}{\v{r}} Jan},
  year={2003},
  publisher={Praha: ČVUT},
  address={},
  ISBN={8001026876}
}

@inproceedings{frigo1999cache,
  title={Cache-oblivious algorithms},
  author={Frigo, Matteo and Leiserson, Charles E and Prokop, Harald and Ramachandran, Sridhar},
  booktitle={40th Annual Symposium on Foundations of Computer Science (Cat. No. 99CB37039)},
  pages={285--297},
  year={1999},
  organization={IEEE}
}

@Manual{QGIS_software,
title = {QGIS Geographic Information System},
author = {{QGIS Development Team}},
organization = {Open Source Geospatial Foundation},
year = {2009},
url = {http://qgis.osgeo.org},
}

@Manual{PostGIS_software,
title = {PostGIS - Spatial and Geographic objects for PostgreSQL},
author = {{PostGIS}},
organization = {Open Source Geospatial Foundation},
year = {2019},
url = {https://postgis.net/},
}



@book{sladkova2019aplikace,
  title={Aplikace pro tvorbu pátracích sektorů na základě přirozených bariér},
  author={Sl{\'a}dkov{\'a}, Vendula},
  year={2019},
  publisher={},
  address={}
}

@book{pavlista2009rizeni,
  title={Řízení pátracích akcí po pohřešovaných osobách},
  author={Pavli{\v{s}}ta, Rostislav},
  year={2009},
  publisher={},
  address={Ostrava}
}

@book{bayer2008algoritmy,
  title={Algoritmy v digit{\'a}ln{\'\i} kartografii},
  author={Bayer, Tom{\'a}{\v{s}}},
  year={2008},
  publisher={Karolinum},
  address={}
}

@article{bentley1979algorithms,
  title={Algorithms for reporting and counting geometric intersections},
  author={Bentley, Jon Louis and Ottmann, Thomas A},
  journal={IEEE Transactions on computers},
  number={9},
  pages={643--647},
  year={1979},
  publisher={IEEE}
}

@book{van2008computational,
author={de Berg,Mark and Cheong,Otfried and van Kreveld,Marc and Overmars,Mark},
year={2008},
title={Computational Geometry: Algorithms and Applications},
publisher={Springer Berlin Heidelberg},
address={Berlin/Heidelberg},
edition={Third},
keywords={Geometry; Data processing; Textbooks; Computer Graphics; Computer Applications in Geosciences; Computer Science; Math Applications in Computer Science; Algorithm Analysis and Problem Complexity; Systems and Information Theory in Engineering},
isbn={9783642096815;3642096816;3540779736;9783540779735;},
language={English},
}


@misc{sojka2011matematicke,
title={Matematick{\'e} z{\'a}klady po{\v{c}}{\'\i}ta{\v{c}}ov{\'e} grafiky},
author={Sojka, Eduard and N{\v{e}}mec, Martin and Fabi{\'a}n, Tom{\'a}{\v{s}}},
year={2011},
publisher={V{\v{S}}B-TU Ostrava}
}
